%%% ====================================================================
%%%  BibTeX-file{
%%%     author          = "Jan-Henrich Mattfeld",
%%%     version         = "1.00",
%%%     date            = "08.10.2014",
%%%     time            = "20:00 GMT",
%%%     filename        = "internet.bib",
%%%     address         = "",
%%%     telephone       = "",
%%%     checksum        = "",
%%%     email           = "",
%%%     codetable       = "UTF-8",
%%%     keywords        = "bibliography, citation, references",
%%%     supported       = "no",
%%%     docstring       = "",
%%%  }
%%% ====================================================================

@BOOKLET{SAP2014,
lastchecked = {5.\,Okt.\,2014},
title = {SAPUI5 Developer Guide},
author = "{SAP\,AG}",
version={1.22.8},
url = {https://sapui5.hana.ondemand.com/sdk/#content/Overview.html},
timestamp={2014.10.06},
urldate={2014.10.06}
}
