%%% ====================================================================
%%%  BibTeX-file{
%%%     author          = "Jan-Henrich Mattfeld",
%%%     version         = "1.00",
%%%     date            = "08.10.2014",
%%%     time            = "20:00 GMT",
%%%     filename        = "Literaturverzeichnis.bib",
%%%     address         = "",
%%%     telephone       = "",
%%%     checksum        = "",
%%%     email           = "",
%%%     codetable       = "UTF-8",
%%%     keywords        = "bibliography, citation, references",
%%%     supported       = "no",
%%%     docstring       = "",
%%%  }
%%% ====================================================================

@BOOK{Spillner2010,
title={Basiswissen Softwaretest},
author={Tilo Linz and Andreas Spillner},
publisher={dpunkt.verlag GmbH},
year={2010},
month={5},
edition={4. überarbeitete und aktualisierte Auflage.},
timestamp={2014.10.06},
}

@BOOK{SpillnerRossnerWinterLinz2014,
title={Praxiswissen Softwaretest -- Testmanagement (iSQI-Reihe): Aus- und Weiterbildung zum Certified Tester - Advanced Level nach ISTQB-Standard},
author={Andreas Spillner and Thomas Roßner and Mario Winter and Tilo Linz},
publisher={dpunkt.verlag GmbH},
year={2014},
month={5},
edition={4. überarb. u. erw. Aufl.},
timestamp={2014.10.06},
}

@BOOK{PassigJander2013,
title={Weniger schlecht programmieren},
author={Kathrin Passig and Johannes Jander},
publisher={O'Reilly},
year={2013},
month={12},
edition = {1. Auflage},
timestamp={2014.10.06},
}

@Book{Majer2009,
title = {Unit-Tests mit ABAP Unit},
author = {Damir Majer},
edition = {1. Auflage},
publisher = {dpunkt.verlag GmbH},
year = {2009},
}

@BOOK{Antolovic2014,
title={Einführung in SAPUI5},
author={Miroslav Antolovic},
publisher={SAP PRESS},
year={2014},
month={3},
edition = {1. Auflage},
timestamp={2014.10.06},
}

@BOOK{BoennenDreesFischerHeinzStrothmann2014,
title={OData und SAP Gateway},
author={Carsten Bönnen and Volker Drees and André Fischer and Ludwig Heinz and Karsten Strothmann},
publisher={SAP PRESS},
year={2014},
month={6},
edition = {1. Auflage},
timestamp={2014.10.06},
}

@BOOK{Chan2011,
title={Installing and Configuring SAP NetWeaver Gateway 2.0},
author={Marc Chan},
publisher={SAP AG},
year={2011},
month={9},
edition = {2. Auflage},
timestamp={2014.10.06},
}

@BOOK{Balzert2011,
title={Lehrbuch der Softwaretechnik: Entwurf, Implementierung, Installation und Betrieb},
author={Helmut Balzert},
publisher={Spektrum Akademischer Verlag},
year={2011},
month={9},
edition={3. Auflage},
timestamp={2014.10.26},
}

@BOOK{Balzert2008,
title={Lehrbuch der Softwaretechnik: Softwaremanagement},
author={Helmut Balzert},
publisher={Spektrum Akademischer Verlag},
year={2008},
month={2},
edition={2. Auflage},
timestamp={2014.10.26},
}

@ELECTRONIC{Theisen2013,
title={Wissenschaftliches Arbeiten: Erfolgreich bei Bachelor- und Masterarbeit},
author={Manuel René Theisen},
publisher={Vahlen},
year={2013},
edition={16. Auflage},
timestamp={2014.10.26},
}