@BOOK{Spillner2010,
	author={Tilo Linz and Andreas Spillner},
	title={Basiswissen Softwaretest},
	publisher={dpunkt.verlag GmbH},
	location={Heidelberg},
	edition={4},
	year={2010},
	month={5},
	hyphenation={german},
}

@BOOK{SpillnerRossnerWinterLinz2014,
	title={Praxiswissen Softwaretest -- Testmanagement (iSQI-Reihe): Aus- und Weiterbildung zum Certified Tester - Advanced Level nach ISTQB-Standard},
	author={Andreas Spillner and Thomas Roßner and Mario Winter and Tilo Linz},
	publisher={dpunkt.verlag GmbH},
	year={2014},
	month={5},
	edition={4. überarb. u. erw. Aufl.},
	timestamp={2014.10.06},
}

@BOOK{PassigJander2013,
	title={Weniger schlecht programmieren},
	author={Kathrin Passig and Johannes Jander},
	publisher={O'Reilly},
	year={2013},
	month={12},
	edition = {1. Auflage},
	timestamp={2014.10.06},
}

@Book{Majer2009,
	title = {Unit-Tests mit ABAP Unit},
	author = {Damir Majer},
	edition = {1. Auflage},
	publisher = {dpunkt.verlag GmbH},
	year = {2009},
}

@BOOK{Antolovic2014,
	title={Einführung in SAPUI5},
	author={Miroslav Antolovic},
	publisher={SAP PRESS},
	year={2014},
	month={3},
	edition = {1. Auflage},
	timestamp={2014.10.06},
}

@BOOK{BoennenDreesFischerHeinzStrothmann2014,
	title={OData und SAP Gateway},
	author={Carsten Bönnen and Volker Drees and André Fischer and Ludwig Heinz and Karsten Strothmann},
	publisher={SAP PRESS},
	year={2014},
	month={6},
	edition = {1. Auflage},
	timestamp={2014.10.06},
}

@BOOK{Chan2011,
	title={Installing and Configuring SAP NetWeaver Gateway 2.0},
	author={Marc Chan},
	publisher={SAP AG},
	year={2011},
	month={9},
	edition = {2. Auflage},
	timestamp={2014.10.06},
}

@manual{SAP2015_1,
	author = "{SAP\,SE}",
	title = {SAPUI5 Developer Guide},
	year = {2015},
	month = {02},
	version={1.26.6},
	url = {https://sapui5.hana.ondemand.com/sdk/#content/Overview.html},
	urldate={2015-03-01},
	hyphenation={english}
}

@online{SAP2014_1,
	author = "{SAP~SE}",
	title = {Development Conventions and Guidelines},
	year = {2014},
	month = {11},
	version={68f22b0},
	url = {https://github.com/SAP/openui5/blob/master/docs/guidelines.md},
	urldate={2014-11-23},
	hyphenation={english}
}